@article{AUBOIN_RUTA_2013, title={The relationship between exchange rates and international trade: a literature review}, volume={12}, DOI={10.1017/S1474745613000025}, number={3}, journal={World Trade Review}, author={AUBOIN, MARC and RUTA, MICHELE}, year={2013}, pages={577â€“605}}

@book{riker2020review,
  title={A review of economic literature on foreign direct investment},
  author={Riker, David A and Wickramarachi, Heather},
  year={2020},
  publisher={US International Trade Commission}
}
